@ARTICLE{LoweSIFT,
	author="David G. Lowe",
	title="Distinctive Image Features from Scale-Invariant Keypoints",
	journal="International Journal of Computer Vision",
	volume = 60,
	number = 2,
	pages = "91-110",
	year = 2004,
}

@ARTICLE{ransac5,
	author = "Anders Hast and Johan Nysjö and Andrea Marchetti",
	title = "Optimal {RANSAC} - {T}owards a Repeatable Algorithm for Finding the Optimal Set",
	journal = "Journal of WSCG",
	volume = 21,
	number = 1,
	pages = "21-30",
	year = 2013 
}

@ARTICLE{HerbertSURF,
	author="Herbert Bay and Andreas Ess and Tinne Tuytelaars and Luc Van Gool",
	title = "{SURF}: {S}peeded {U}p {R}obust {F}eatures",
	journal = "Computer Vision and Image Understanding (CVIU)",
	volume = 110,
	number = 3,
	pages = "346–359",
	year = 2008
}

@ARTICLE{FischerRANSAC,
	author="Martin A. Fischler and	Robert C. Bolles",
	title = "Random sample consensus: a paradigm for model fitting with applications to image analysis and automated cartography",
	journal = "Communications of the ACM",
	volume = 24,
	number = 6,
	pages = "381-395",
	year = 1981
}

@ARTICLE{XiaoPnP,
	author="Xiao-Shan Gao",
	title = "Complete solution classification for the perspective-three-point problem",
	journal = "IEEE Transactions on Pattern Analysis and Machine Intelligence",
	volume = 25,
	number = 8,
	pages = "930-943",
	year = 2003
}

@ARTICLE{Kabsch,
	author="Wolfgang Kabsch",
	title = "A solution for the best rotation to relate two sets of vectors",
	journal = "Acta Crystallographica Section A",
	volume = 32,
	number = 5,
	pages = "922-923",
	year = 1976
}

@BOOK{OpenCV,
  author="Daniel Lelis Baggio et al.",
  title="Mastering {OpenCV} with practical computer vision projects",
  publisher="Packt Publishing",
  year=2012
}

@inproceedings{muja_flann_2009,
  author    = {Marius Muja and David G. Lowe},
  title     = {Fast Approximate Nearest Neighbors with Automatic Algorithm Configuration},
  booktitle = {International Conference on Computer Vision Theory and Application 
               VISSAPP'09)},
  publisher = {INSTICC Press},
  year      = {2009},
  pages     = {331-340}
}

@misc{kabschGithub,
	title = "Root-mean-square deviation ({RMSD}) of two {XYZ} structures",
	author = "Jimmy Charnley Kromann and Lars Andersen Bratholm",
	howpublished="\url{https://github.com/charnley/rmsd}",
}










@BOOK{Wettl04,
  author="Ferenc Wettl and Gyula Mayer and Péter Szabó",
  title="\LaTeX~kézikönyv",
  publisher="Panem Könyvkiadó",
  year=2004
}

@ARTICLE{Candy86,
  author ="Candy, James C.",
  title  ="Decimation for Sigma Delta Modulation",
  journal="{IEEE} Trans.\ on Communications",
  volume =34,
  number =1,
  pages  ="72--76",
  month  =jan,
  year   =1986,
}

@INPROCEEDINGS{Lee87,
  author =       "Lee, Wai L. and Sodini, Charles G.",
  title =        "A Topology for Higher Order Interpolative Coders",
  booktitle =    "Proc.\ of the IEEE International Symposium on Circuits and Systems",
  year =         1987,
  vol =          2,
  month =        may # "~4--7",
  address =      "Philadelphia, PA, USA",
  pages =        "459--462"
}

@PHDTHESIS{KissPhD,
  author =   "Peter Kiss",
  title =    "Adaptive Digital Compensation of Analog Circuit Imperfections for Cascaded Delta-Sigma Analog-to-Digital Converters",
  school =   "Technical University of Timi\c{s}oara, Romania",
  month =    apr,
  year =     2000
}

@MANUAL{Schreier00,
  author = "Richard Schreier",
  title  = "The Delta-Sigma Toolbox v5.2",
  organization = "Oregon State University",
  year   = 2000,
  month  = jan,
  note   ="URL: http://www.mathworks.com/matlabcentral/fileexchange/"
}
 
@MISC{DipPortal,
	author="Budapesti {M}űszaki és {G}azdaságtudományi {E}gyetem {V}illamosmérnöki és {I}nformatikai {K}ar",
  title="{D}iplomaterv portál (2011 február 26.)",
  howpublished="\url{http://diplomaterv.vik.bme.hu/}",
}